@Article{AAP+04,
  author =	 {Kitchenham B. and Pretorius R. and Budgen D. and Brereton O.P. and Turner M. and Niazi M. and Linkman S.},
  title =	 {Systematic literature reviews in software engineering - A tertiary study},
  journal =	 {Information and Software Technology},
  year =	 2010,
  volume =	 52,
  number =	 8,
  pages =	 {792-805},
  month =	 aug
}

