@article{card1998learning,
  title={Learning from our mistakes with defect causal analysis},
  author={Card, David N},
  journal={Software, IEEE},
  volume={15},
  number={1},
  pages={56--63},
  year={1998},
  publisher={IEEE}
}

@article{birk2002postmortem,
  title={Postmortem: Never leave a project without it},
  author={Birk, Andreas and Dingsoyr, Torgeir and Stalhane, Tor},
  journal={Software, IEEE},
  volume={19},
  number={3},
  pages={43--45},
  year={2002},
  publisher={IEEE}
}

@incollection{dingsoyr2003extending,
  title={Extending agile methods: postmortem reviews as extended feedback},
  author={Dings{\o}yr, Torgeir and Hanssen, Geir Kjetil},
  booktitle={Advances in Learning Software Organizations},
  pages={4--12},
  year={2003},
  publisher={Springer}
}

@incollection{staalhane2003post,
  title={Post mortem--an assessment of two approaches},
  author={St{\aa}lhane, Tor and Dings{\o}yr, Torgeir and Hanssen, Geir Kjetil and Moe, Nils Brede},
  booktitle={Empirical Methods and Studies in Software Engineering},
  pages={129--141},
  year={2003},
  publisher={Springer}
}

@incollection{staalhane2004root,
  title={Root Cause Analysis and Gap Analysis--A Tale of Two Methods},
  author={St{\aa}lhane, Tor},
  booktitle={Software Process Improvement},
  pages={150-160},
  year={2004},
  publisher={Springer}
}

@incollection{de2004learning,
  title={Learning software maintenance organizations},
  author={De Sousa, Kleiber D and Anquetil, Nicolas and De Oliveira, K{\'a}thia M},
  booktitle={Advances in Learning Software Organizations},
  pages={67-77},
  year={2004},
  publisher={Springer}
}

@Article{karlsson2006case,
  title={Case studies in process improvement through retrospective analysis of release planning decisions},
  author={Karlsson, Lena and REGNELL, BJ{\"O}RN and Thelin, Thomas},
  journal={International Journal of Software Engineering and Knowledge Engineering},
  volume={16},
  number={06},
  pages={885-915},
  year={2006},
  publisher={World Scientific}
}

@Article{kalinowski2012evidence,
  title={Evidence-Based Guidelines to Defect Causal Analysis},
  author={Kalinowski, Marcos and Card, David N and Travassos, Guilherme H},
  journal={Software, IEEE},
  volume={29},
  number={4},
  pages={16-18},
  year={2012},
  publisher={IEEE}
}

@Article{Kitchenham2010,
  author =	 {B. Kitchenham and R. Pretorius and D. Budgen and O.P. Brereton and M. Turner and M. Niazi and S. Linkman},
  title =	 {Systematic literature reviews in software engineering - A tertiary study},
  journal =	 {Information and Software Technology},
  year =	 2010,
  volume =	 52,
  number =	 8,
  pages =	 {792-805},
  month =	 aug
}

@techreport{Kitchenham2007,
  author =	 {B. Kitchenham and S. Charters},
  title =	 {{Guidelines for performing Systematic Literature Reviews in Software Engineering}},
  title = 	 {Guidelines for performing {S}ystematic {L}iterature {R}eviews in {S}oftware {E}ngineering},
  year = 	 2007,
  institution = {Keele University and Durham University Joint Report},
  number = 	 "EBSE 2007-001"
}

@Article{Lehtinen2011,
  author =	 {T.O.A. Lehtinen and M.V. Mäntylä and J. Vanhanen},
  title =	 {Development and evaluation of a lightweight root cause analysis method (ARCA method) – Field studies at four software companies},
  journal =	 {Information and Software Technology},
  year =	 2011,
  volume =	 53,
  number =	 10,
  pages =	 {1045-1061},
  issn = {01641212}
}

@Article{Bjornson2009,
  title={Improving the effectiveness of root cause analysis in post mortem analysis: A controlled experiment},
  author={Bj{\o}rnson, F.O. and Wang, A.I. and Arisholm, E.},
  journal={Information and Software Technology},
  volume={51},
  number={1},
  pages={150-161},
  year={2009},
  publisher={Elsevier}
}

@Misc{ScrumGuide2011,
  OPTkey = 	 {},
  author = 	 {Schwaber, K. and Sutherland, J.},
  title = 	 {{The Scrum Guide. The Definitive Guide to Scrum: The Rules of the Game}},
  OPThowpublished = {},
  month = oct,
  year = 	 {2011},
  note = 	 {Saatavissa \url{http://www.scrum.org/Portals/0/Documents/Scrum%20Guides/Scrum_Guide.pdf}. Viitattu 12.2.2013. Schwaber ja Sutherland ovat Scrum-metodologian kehittäjät. The Scrum Guide on heidän ylläpitämä virallinen Scrum-ohjekirja.}
}

@Misc{AgileManifestoPrinciples,
  OPTkey = 	 {},
  author = 	 {Beck, K.},
  title = 	 {{Principles behind the Agile Manifesto}},
  OPThowpublished = {},
  month = oct,
  year = 	 {2001},
  note = 	 {Saatavissa \url{http://agilemanifesto.org/principles.html}. Viitattu 9.3.2013.}
}

@book{Cockburn2002,
        author={Cockburn, A.},
        year={2002},
        title={Agile Software Development},
        publisher={Addison-Wesley},
        pages={278 s},
        isbn={0-201-69969-9 (nid.)},
        language={eng}
}

@Article{Lindstrom2004,
  title={Extreme Programming and Agile Software Development Methodologies},
  author={Lindstrom, L and Jeffries, R.},
  journal={Information Systems Management},
  volume={21},
  number={3},
  pages={41-52},
  year={2004},
  publisher={Auerbach Publications Inc.}
}

@misc{ArcaTool,
  title =	 {{ARCA-tool}},
  url =          {http://wirca.soberit.hut.fi},
  note =	 {{ARCA-tool juurisyyanalyysityökalun WWW-sivu. Viitattu 10.3.2013.}}
}

@book{AgileRetros2006,
  title={Agile retrospectives: Making good teams great},
  author={Derby, E. and Larsen, D. and Schwaber, K.},
  year={2006},
  publisher={Pragmatic Bookshelf},
  isbn={0-9776166-4-9 (nid.)}
}








//tästä alkaa esimerkki-lähteet
@Article{AAP+04,
  author =	 {Dimitrios I. Axiotis and Tareq Al-Gizawi and
                  Konstatntinos Peppas and Emmanuel N. Protonotarios
                  and Fotis I. Lazarakis and Constantitnos Papadias
                  and Panos I. Philippopoulos},
  title =	 {Services in Interworking {3G} and {WLAN}
                  Environments},
  journal =	 {IEEE Wireless Communications},
  year =	 2004,
  volume =	 11,
  number =	 5,
  pages =	 {14-20},
  month =	 oct
}

@book{kauranen2006,
        author={Kauranen,Ilkka and Mustakallio,Mikko A. and Palmgren,Virpi},
        year={2006},
        title={Tutkimusraportin kirjoittamisen opas opinnäytetyön tekijöille},
        publisher={Teknillinen korkeakoulu},
        address={Espoo},
        pages={109 s},
        note={Lisäpainokset: 2. korj. p. 2007.},
        isbn={951-22-8359-X (nid.)},
        language={fin}
}


@book{hirsjarvi2009,
        author={Hirsjärvi, Sirkka and Remes, Pirkko and Sajavaara, Paula},
        year={2009},
        title={Tutki ja kirjoita},
        publisher={Tammi},
        address={Hämeenlinna},
        note={15. uudistettu painos},
        isbn={978-951-31-4836-2},
        language={fin}
}


@Book{oikeinkirjoitus2010,
  ALTauthor = 	 {},
  editor = 	 {Kankaanpää, Salli and Heikkilä, Elina and Korhonen, Riitta and Maamies, Sari and Piehl, Aino},
  title = 	 {Kielitoimiston oikeinkirjoitusopas},
  publisher = 	 {Kotimaisten kielten tutkimuskeskus},
  year = 	 {2010},
  OPTkey = 	 {},
  OPTvolume = 	 {},
  OPTnumber = 	 {},
  OPTseries = 	 {},
  OPTaddress = 	 {},
  OPTedition = 	 {},
  OPTmonth = 	 {},
  note = 	 {8. painos},
  OPTannote = 	 {}
}

@book{goossens1994,
        author={Goossens,Michel and Mittelbach,Frank and Samarin,Alexander},
        year={1994},
        title={The LATEX companion},
        publisher={Addison-Wesley},
        address={Reading (MA)},
        pages={528 s},
        isbn={0-201-54199-8},
        language={eng}
}

@book{mittelbach2004Safari,
        author={Mittelbach,Frank},
        year={2004},
        title={{The LaTeX companion}},
        publisher={Safari Tech Books Online},
        address={Boston, MA},
        edition={2nd ed.},
        note={Safari Tech Books Online},
        language={eng}
}

@book{mittelbach2004,
        author={Mittelbach,Frank and Goossens,Michel and Braams,Johannes},
        year={2004},
        title={{The LaTeX companion}},
        publisher={Addison-Wesley},
        address={Boston},
        pages={1090 s. +},
        edition={2nd ed.},
        note={Lisäpainokset: Repr. 2006.},
        keywords={textbehandling - dataprogram; textproduktion; datorsättning; tekstinkäsittely; tekstinvalmistus; Latex; atk-ohjelmat - LaTeX; tekstinkäsittely - atk-ohjelmat; tekstinvalmistus - atk-ohjelmat; graafinen teollisuus; ohjelmistot; Printing industry; Computerized typesetting; Software; textbehandling; atk-ohjelmat},
        isbn={0-201-36299-6 (nid.)},
        language={eng}
}




@Misc{mattakivela,
  OPTkey = 	 {},
  author = 	 {Kivelä, Simo K.},
  title = 	 {{LaTeX-kurssi}},
  OPThowpublished = {},
  OPTmonth = 	 {},
  OPTyear = 	 {},
  note = 	 {Saatavissa \url{http://matta.hut.fi/matta2/latex/index.html}. Viitattu 28.1.2011.},
  OPTannote = 	 {}
}

@Misc{lyhyt2e,
  OPTkey = 	 {},
  author = 	 {Oetiker, Tobias},
  title = 	 {{Pitkänpuoleinen johdanto LaTeX2e:n käyttöön}},
  OPThowpublished = {},
  OPTmonth = 	 {},
  OPTyear = 	 {},
  note = 	 {Saatavissa \url{ftp://www.ctan.org/ctan/info/lshort/finnish/lyhyt2e.pdf}. Viitattu 28.1.2011.},
  OPTannote = 	 {}
}


@Article{AAP+04,
  author =	 {Dimitrios I. Axiotis and Tareq Al-Gizawi and
                  Konstatntinos Peppas and Emmanuel N. Protonotarios
                  and Fotis I. Lazarakis and Constantitnos Papadias
                  and Panos I. Philippopoulos},
  title =	 {Services in Interworking {3G} and {WLAN}
                  Environments},
  journal =	 {IEEE Wireless Communications},
  year =	 2004,
  volume =	 11,
  number =	 5,
  pages =	 {14-20},
  month =	 oct
}

@book{hand2001principles,
  title={{Principles of data mining}},
  author={Hand, D.J. and Mannila, H. and Smyth, P.},
  isbn={026208290X},
  year={2001},
  publisher={The MIT press}
}


@InProceedings{AB95,
  author =	 {Ross J. Anderson and S. Johann Bezuidenhout},
  title =	 {Cryptographic Credit Control in Pre-payment Metering
                  Systems},
  booktitle =	 {1995 IEEE Symposium on Security and Privacy},
  year =	 1995,
  annote =	 {referred 13.4.2000},
}

@Misc{EC96,
  author =	 {{European Commission}},
  title =	 {{Strategic Developments for the European Publishing
                  Industry towards the Year 2000 - Europe's Multimedia
                  Challenge}},
  year =	 1996,
  annote =	 {Beskriver en värdekedjemodell som är indelad i två
                  nivåer; innehåll och infrastruktur. Bas för INDICAs
                  värdekedjemodell.}
}

@techreport{IDReqNom03,
  author =	 {Y. Nomura and R. Walsh and J. Ott and
                  H. Schulzrinne},
  title =	 {{Protocol Requirements for Internet Media Guides}},
  institution =	 {{IETF}},
  year =	 {2003},
  type =	 {Internet Draft},
  month =	 dec,
  note =	 {Work in progress. Expires June, 2004},
  description =	 {Now (Oct 2003) it seems as if the Electronic Service
                  Guide ESG used in IP Datacasting will be based on
                  IMG},
  abstract =	 { This memo specifies requirements for a protocol for
                  accessing and updating Internet Media Guide (IMG)
                  information for media-on-demand and multicast
                  applications. These requirements are designed to
                  guide development of an IMG protocol for efficient
                  and scalable delivery. },
  url =
                  {http://www.ietf.org/internet-drafts/draft-ietf-mmusic-img-req-02.txt}
}

@misc{RFC3550,
  author =	 {H. Schulzrinne and S. Casner and R. Frederic and
                  V. Jacobson},
  title =	 {{RFC 3550: RTP: A Transport Protocol for Real-Time
                  Applications}},
  insitution =	 {{IETF}},
  year =	 2003,
  month =	 jul,
  note =	 {Status: DRAFT STANDARD}
}


@misc{ipdcforum_def,
  title =	 {{About {IP} Datacasting - Overview}},
  author =	 {{IPDC Forum}},
  url =          {http://www.ipdc-forum.org/about/index.html},
  year =         {2004},
  note =	 {{IPDC Forumin WWW-sivu. Viitattu 18.2.2004.}}
}

@MastersThesis{Teekkari2010,
  author = 	 {Teemu Teekkari},
  title = 	 {Diplomityöni},
  school = 	 {Aalto-yliopiston perustieteiden korkeakoulu},
  year = 	 {2010},
  type = 	 {Diplomityö},
  note =		 {Saatavissa \url{http://www.cis.hut.fi/
teemu/katkotaan/
rivia/
jotta/
helpompi/
katkaista/
sopivasta/
kohtaa/
tamakin/
litania/
poikki/
rtfm.html}. Viitattu 25.1.2011.},
  address = 	 {Espoo}
}

@InCollection{Hinton94,
  author =      {Geoffrey E. Hinton and Richard S. Zemel},
  title =       {Autoencoders, Minimum Description Length and {H}elmholtz
                 Free Energy},
  booktitle =   {Advances in Neural Information Processing Systems 6},
  publisher =   {The MIT Press},
  address =     {Cambridge, MA, USA},
  year =        {1998},
  pages =       {3--10},
  editor =      {Jack D. Cowan and Gerald Tesauro and Joshua Alspector}
}

@Manual{tktl,
  title = 	 {BiBTeX-tyylin tktl käyttöohje},
  OPTkey = 	 {},
  author = 	 {Puolakka, Mikael},
  organization = {Helsingin yliopiston tietojenkäsittelytieteen laitos},
  OPTaddress = 	 {},
  OPTedition = 	 {},
  OPTmonth = 	 {},
  year = 	 {2002},
  OPTnote = 	 {},
  OPTannote = 	 {}
}

